<?xml version="1.0" encoding="UTF-8"?><collection xmlns="http://www.loc.gov/MARC21/slim"><record><leader>00359nam--2200133-i-4500</leader><controlfield tag="001">000015139</controlfield><controlfield tag="002">20161230</controlfield><controlfield tag="005">20161230201031</controlfield><controlfield tag="008">060222s1000------------r-----000-0-eng-d</controlfield><datafield ind1=" " ind2=" " tag="100"><subfield code="a">Cohen, J.B.And Schwarts, L.H</subfield></datafield><datafield ind1=" " ind2=" " tag="245"><subfield code="a">Diffraction from materials</subfield></datafield><datafield ind1=" " ind2=" " tag="260"><subfield code="a">New York, Academic Press, 1977</subfield></datafield><datafield ind1=" " ind2=" " tag="490"><subfield code="a">Materials Science And Technology</subfield></datafield><datafield ind1=" " ind2=" " tag="852"><subfield code="a">620.179.1</subfield></datafield></record></collection>